<record><leader>00000cas a2200000 a 4500</leader><controlfield tag="001">18329831</controlfield><controlfield tag="008">880809d19151929aludn ne      0   a0eng d</controlfield><datafield ind1=" " ind2=" " tag="010"><subfield code="a">sn 89050025 </subfield></datafield><datafield ind1=" " ind2=" " tag="040"><subfield code="a">ALM</subfield><subfield code="b">eng</subfield><subfield code="c">ALM</subfield><subfield code="d">CPN</subfield><subfield code="d">OCL</subfield><subfield code="d">OCLCQ</subfield></datafield><datafield ind1=" " ind2=" " tag="042"><subfield code="a">msc</subfield></datafield><datafield ind1="0" ind2="4" tag="245"><subfield code="a">The Tuscaloosa news and times-gazette.</subfield></datafield><datafield ind1="3" ind2="0" tag="246"><subfield code="a">Tuscaloosa news</subfield></datafield><datafield ind1="1" ind2="7" tag="246"><subfield code="a">News &amp; times-gazette</subfield></datafield><datafield ind1=" " ind2=" " tag="260"><subfield code="a">Tuscaloosa, Ala. :</subfield><subfield code="b">Tuscaloosa News Pub. Co.,</subfield><subfield code="c">1915-1929.</subfield></datafield><datafield ind1=" " ind2=" " tag="300"><subfield code="a">v. :</subfield><subfield code="b">ill. ;</subfield><subfield code="c">59 cm.</subfield></datafield><datafield ind1=" " ind2=" " tag="310"><subfield code="a">Daily (except Mon.)</subfield></datafield><datafield ind1="0" ind2=" " tag="362"><subfield code="a">Vol. 26, no. 299 (Feb. 2, 1915)-v. 34, no. 213 ; v. 91, no. 1 (Jan. 1, 1923)-v. 96, no. 349 (July 6, 1929).</subfield></datafield><datafield ind1=" " ind2=" " tag="500"><subfield code="a">Published as: Tuscaloosa news, &lt;Feb. 11, 1917-Mar. 21, 1919&gt;.</subfield></datafield><datafield ind1=" " ind2=" " tag="500"><subfield code="a">Editor: Leon C. Bradley.</subfield></datafield><datafield ind1=" " ind2=" " tag="515"><subfield code="a">Numbering is irregular.</subfield></datafield><datafield ind1=" " ind2=" " tag="752"><subfield code="a">United States</subfield><subfield code="b">Alabama</subfield><subfield code="c">Tuscaloosa</subfield><subfield code="d">Tuscaloosa.</subfield></datafield><datafield ind1="0" ind2="4" tag="780"><subfield code="t">Tuscaloosa news</subfield><subfield code="w">(DLC)sn 89050023</subfield></datafield><datafield ind1="0" ind2="4" tag="780"><subfield code="t">Tuscaloosa times-gazette</subfield><subfield code="w">(DLC)sn 89050021</subfield></datafield><datafield ind1="0" ind2="0" tag="785"><subfield code="t">Tuscaloosa news (Tuscaloosa, Ala. : 1929)</subfield><subfield code="w">(DLC)sn 89050026</subfield></datafield></record>